@book{Ray_Tracing_Gems, 
    title={Ray Tracing gems}, 
    publisher={Apress}, 
    author={Akenine-Möller, Tomas and Haines, Eric}, 
    year={2019}
} 

@misc{NVIDIA_Vulkan_Ray_Tracing_Tutorial, 
    url={https://nvpro-samples.github.io/vk_raytracing_tutorial_KHR/}, 
    journal={NVIDIA Vulkan Ray Tracing Tutorial}
} 

@misc{NVIDIA_raytracing_vs_rasterization, 
    title={What’s the difference between Ray Tracing, rasterization?}, 
    url={https://blogs.nvidia.com/blog/2018/03/19/whats-difference-between-ray-tracing-rasterization/}, 
    journal={NVIDIA Blog}, 
    author={Caulfield, Brian}, 
    year={2020}, 
    month={5}
} 
@misc{KHR_Vulkan_Ray_Tracing, 
    title={Ray Tracing in Vulkan}, 
    url={https://www.khronos.org/blog/ray-tracing-in-vulkan}, 
    journal={The Khronos Group}, 
    author={Koch, Daniel}, 
    year={2020}, 
    month={12}
} 

@article{Examination_RTX, 
    author = {V.V. Sanzharov, A.I. Gorbonosov, A. G. Voloboy},
    year = {2019},
    month = {11},
    pages = {7-12},
    title = {Examination of the Nvidia RTX},
    doi = {10.30987/graphicon-2019-2-7-12}
} 

@article{Realtime_Ray_Tracing_and_its_use_for_Interactive_Global_Illumination, 
    author = {Wald, Ingo and Purcell, Timothy and Schmittler, J. and Benthin, Carsten and Slusallek, Philipp},
    year = {2003},
    month = {01},
    pages = {},
    title = {Realtime Ray Tracing and its use for Interactive Global Illumination},
    journal = {Eurographics State of the Art Reports}
} 

@misc{NVIDIA_Turing_GPU_Architecture,
    author = {}, 
    title = {NVIDIA Turing GPU Architecture Whitepaper},
    url={https://images.nvidia.com/aem-dam/en-zz/Solutions/design-visualization/technologies/turing-architecture/NVIDIA-Turing-Architecture-Whitepaper.pdf},
    month = {},
    year = {2019},
    note = {(Accessed on 06/23/2023)}
}

@article{Mattausch2015CHCRTCH,
  title={CHC+RT: Coherent Hierarchical Culling for Ray Tracing},
  author={Oliver Mattausch and Jiř{\'i} Bittner and Alberto Jaspe Villanueva and E. Gobbetti and Michael Wimmer and Renato Pajarola},
  journal={Computer Graphics Forum},
  year={2015},
  volume={34}
}
@article{BVH_for_ray_tracing,
author = {Meister, Daniel and Ogaki, Shinji and Benthin, Carsten and Doyle, Michael and Guthe, Michael and Bittner, Jiri},
year = {2021},
month = {05},
pages = {683-712},
title = {A Survey on Bounding Volume Hierarchies for Ray Tracing},
volume = {40},
journal = {Computer Graphics Forum},
doi = {10.1111/cgf.142662}
}

@misc{Vulkan_Extension_Specification,
author = {},
title = {Vulkan® 1.2.254 - A Specification (with all registered Vulkan extensions)},
howpublished = {\url{https://registry.khronos.org/vulkan/specs/1.2-extensions/html/vkspec.html}},
month = {},
year = {},
note = {(Accessed on 06/23/2023)}
}
@misc{NVIDIA_ray_tracing, 
url={https://developer.nvidia.com/discover/ray-tracing}, 
journal={NVIDIA Developer}, 
year={2019}, 
month={Apr}
} 